@Unpublished{bucstuvog15,
	author={Matthias Büchse and Torsten Stüber and Heiko Vogler},
	title={A Generic Inside-Outside {EM} Algorithm},
	note={Unpublished Manuscript},
	institute={Technische Universität Dresden},
	year=2015
}
